
@misc{gedin2018benchmarking,
  title={Benchmarking TensorFlow on a personal computer not specialised for machine learning},
  author={Gedin, Sebastian and Holm, Jakob},
  year={2018}
}

@misc{milaTheano2017,
 title={MILA and the future of Theano},
 author={Yoshua Bengio},
 year={2017},
 url={https://groups.google.com/forum/#!msg/theano-users/7Poq8BZutbY/rNCIfvAEAwAJ},
 note={Online; Accessed 2020-07-20}
}

@misc{fowlerUnit2014,
    title={Unit Test},
    author={Martin Fowler},
    year={2014},
    url={https://martinfowler.com/bliki/UnitTest.html},
    note={Online; Accessed: 2020-07-26},
}

@misc{tensorflowtutorials,
 title={Tensorflow Tutorials},
 author={Tensorflow},
 year={2020},
 url={https://www.tensorflow.org/tutorials},
 note={Online; Accessed 2020-08-11}
}

@misc{projectFrameDeter,
    url={https://github.com/NVIDIA/framework-determinism},
    year={2020},
    author={Nvidia},
    note={Online; Accessed 2020-08-16},
    title={Framework Determinism}
}

@misc{imghippo,
  title={Hippocampus anatomy},
  note={Online; Accessed 2020-08-17},
  year={2008},
  author={Looie496},
  url={https://en.wikipedia.org/wiki/File:CajalHippocampus_(modified).png}
}
@misc{imghippooriginal,
  author={Santiago Ramon y Cajal},
  year={1911},
  title={Histologie du Système nerveux de l'Homme et des Vertébrés},
  publisher={A. Maloine},
  venue={Paris}
}

@book{andersen2006hippocampus,
  title={The hippocampus book},
  author={Andersen, Per and Morris, Richard and Amaral, David and Bliss, Tim and O'Keefe, John},
  year={2006},
  publisher={Oxford university press}
}