@INPROCEEDINGS{saul2011,
  author={Saul, Alan and Prescott, Tony and Fox, Charles},
  booktitle={2011 IEEE International Conference on Robotics and Biomimetics}, 
  title={Scaling up a Boltzmann machine model of hippocampus with visual features for mobile robots}, 
  year={2011},
  volume={},
  number={},
  pages={835-840}
}

@INPROCEEDINGS{foxandprescott2010A,
    author={Fox, Charles and Prescott, Tony},
    year={2010},
    title={Hippocampus as Unitary Coherent Particle Filter},
    booktitle={Neural Networks (IJCNN), The 2010 International Joint Conference on},
    pages={1-8},
}

@INPROCEEDINGS{foxandprescott2010B,
    author={Fox, Charles and Prescott, Tony},
    year={2010},
    title={Learning in a Unitary Coherent Hippocampus},
    booktitle={Artificial Neural Networks (ICANN)},
    pages={},

}

@article{hintonDBN2006,
    title={A fast learning algorithm for deep belief nets},
    author={Hinton, Geoffrey E and Osindero, Simon and Teh, Yee-Whye},
    journal={Neural computation},
    volume={18},
    number={(7)},
    pages={1527--1554},
    year={2006},
    publisher={MIT Press}
}
