% may need reconfiguring to bring inline with UOL Harvard
@misc{nvidiacuda,
    title={CUDA C++ Programming Guide},
    author={{Nvidia C.U.D.A.}},
    year={2020},
    howpublished = "\url{https://docs.nvidia.com/cuda/cuda-c-programming-guide/index.html}",
    note = "[Online; accessed 07 July 2020]"
}

@inproceedings{cupy_learningsys2017,
  author       = "Okuta, Ryosuke and Unno, Yuya and Nishino, Daisuke and Hido, Shohei and Loomis, Crissman",
  title        = "CuPy: A NumPy-Compatible Library for NVIDIA GPU Calculations",
  booktitle    = "Proceedings of Workshop on Machine Learning Systems (LearningSys) in The Thirty-first Annual Conference on Neural Information Processing Systems (NIPS)",
  year         = "2017",
  url          = "http://learningsys.org/nips17/assets/papers/paper_16.pdf"
}

@article{theano,
  author    = {Rami Al{-}Rfou and Guillaume Alain and Amjad Almahairi and Christof Angerm{\"{u}}ller and Dzmitry Bahdanau and Nicolas Ballas and Fr{\'{e}}d{\'{e}}ric Bastien and Justin Bayer and Anatoly Belikov and Alexander Belopolsky and Yoshua Bengio and Arnaud Bergeron and James Bergstra and Valentin Bisson and Josh Bleecher Snyder and Nicolas Bouchard and Nicolas Boulanger{-}Lewandowski and Xavier Bouthillier and Alexandre de Br{\'{e}}bisson and Olivier Breuleux and Pierre Luc Carrier and Kyunghyun Cho and Jan Chorowski and Paul F. Christiano and Tim Cooijmans and Marc{-}Alexandre C{\^{o}}t{\'{e}} and Myriam C{\^{o}}t{\'{e}} and Aaron C. Courville and Yann N. Dauphin and Olivier Delalleau and Julien Demouth and Guillaume Desjardins and Sander Dieleman and Laurent Dinh and Melanie Ducoffe and Vincent Dumoulin and Samira Ebrahimi Kahou and Dumitru Erhan and Ziye Fan and Orhan Firat and Mathieu Germain and Xavier Glorot and Ian J. Goodfellow and Matthew Graham and {\c{C}}aglar G{\"{u}}l{\c{c}}ehre and Philippe Hamel and Iban Harlouchet and Jean{-}Philippe Heng and Bal{\'{a}}zs Hidasi and Sina Honari and Arjun Jain and S{\'{e}}bastien Jean and Kai Jia and Mikhail Korobov and Vivek Kulkarni and Alex Lamb and Pascal Lamblin and Eric Larsen and C{\'{e}}sar Laurent and Sean Lee and Simon Lefran{\c{c}}ois and Simon Lemieux and Nicholas L{\'{e}}onard and Zhouhan Lin and Jesse A. Livezey and Cory Lorenz and Jeremiah Lowin and Qianli Ma and Pierre{-}Antoine Manzagol and Olivier Mastropietro and Robert McGibbon and Roland Memisevic and Bart van Merri{\"{e}}nboer and Vincent Michalski and Mehdi Mirza and Alberto Orlandi and Christopher Joseph Pal and Razvan Pascanu and Mohammad Pezeshki and Colin Raffel and Daniel Renshaw and Matthew Rocklin and Adriana Romero and Markus Roth and Peter Sadowski and John Salvatier and Fran{\c{c}}ois Savard and Jan Schl{\"{u}}ter and John Schulman and Gabriel Schwartz and Iulian Vlad Serban and Dmitriy Serdyuk and Samira Shabanian and {\'{E}}tienne Simon and Sigurd Spieckermann and S. Ramana Subramanyam and Jakub Sygnowski and J{\'{e}}r{\'{e}}mie Tanguay and Gijs van Tulder and Joseph P. Turian and Sebastian Urban and Pascal Vincent and Francesco Visin and Harm de Vries and David Warde{-}Farley and Dustin J. Webb and Matthew Willson and Kelvin Xu and Lijun Xue and Li Yao and Saizheng Zhang and Ying Zhang},
  title     = {Theano: {A} Python framework for fast computation of mathematical
               expressions},
  journal   = {CoRR},
  volume    = {abs/1605.02688},
  year      = {2016},
  url       = {http://arxiv.org/abs/1605.02688},
  archivePrefix = {arXiv},
  eprint    = {1605.02688},
  timestamp = {Thu, 30 Apr 2020 11:17:18 +0200},
  biburl    = {https://dblp.org/rec/journals/corr/Al-RfouAAa16.bib},
  bibsource = {dblp computer science bibliography, https://dblp.org}
}

@article{kloeckner_pycuda_2012,
   author = {{Kl{\"o}ckner}, Andreas and {Pinto}, Nicolas and {Lee}, Yunsup and {Catanzaro}, B. and {Ivanov}, Paul and {Fasih}, Ahmed },
   title = "{PyCUDA and PyOpenCL: A Scripting-Based Approach to GPU Run-Time Code Generation}",
   journal = "Parallel Computing",
   volume = "38",
   number = "3",
   pages = "157--174",
   year = "2012",
   issn = "0167-8191",
   doi = "10.1016/j.parco.2011.09.001",
}

@article{deepneuralvoicepuppetry,
  author = {Thies, Justus and Elgharib, Mohamed and Tewari, Ayush and Theobalt, Christian and Nie{\ss}ner, Matthias},
  title = {Neural Voice Puppetry: Audio-driven Facial Reenactment},
  journal={ECCV 2020},
  year={2020}
}

@article {coviddeepprognosticdiagnostic,
	author = {Wang, Shuo and Zha, Yunfei and Li, Weimin and Wu, Qingxia and Li, Xiaohu and Niu, Meng and Wang, Meiyun and Qiu, Xiaoming and Li, Hongjun and Yu, He and Gong, Wei and Bai, Yan and Li, Li and Zhu, Yongbei and Wang, Liusu and Tian, Jie},
	title = {A Fully Automatic Deep Learning System for COVID-19 Diagnostic and Prognostic Analysis},
	elocation-id = {2000775},
	year = {2020},
	doi = {10.1183/13993003.00775-2020},
	publisher = {European Respiratory Society},
	issn = {0903-1936},
	URL = {https://erj.ersjournals.com/content/early/2020/05/19/13993003.00775-2020},
	eprint = {https://erj.ersjournals.com/content/early/2020/05/19/13993003.00775-2020.full.pdf},
	journal = {European Respiratory Journal}
}

@inproceedings{paszke2019pytorch,
  title={Pytorch: An imperative style, high-performance deep learning library},
  author={Paszke, Adam and Gross, Sam and Massa, Francisco and Lerer, Adam and Bradbury, James and Chanan, Gregory and Killeen, Trevor and Lin, Zeming and Gimelshein, Natalia and Antiga, Luca and others},
  booktitle={Advances in neural information processing systems},
  pages={8026--8037},
  year={2019}
}

@article{bahrampour2015comparative,
  author    = {Soheil Bahrampour and
               Naveen Ramakrishnan and
               Lukas Schott and
               Mohak Shah},
  title     = {Comparative Study of Caffe, Neon, Theano, and Torch for Deep Learning},
  journal   = {CoRR},
  volume    = {abs/1511.06435},
  year      = {2015},
  url       = {http://arxiv.org/abs/1511.06435},
  archivePrefix = {arXiv},
  eprint    = {1511.06435},
  timestamp = {Mon, 13 Aug 2018 16:47:26 +0200},
  biburl    = {https://dblp.org/rec/journals/corr/BahrampourRSS15.bib},
  bibsource = {dblp computer science bibliography, https://dblp.org}
}

@article{rocminsights,
    author={Moor insights and strategy},
    year={2016},
    title={AMDs ROCm Software Helps Accelerate HPC and Deep Learning},
    url = {https://moorinsightsstrategy.com/wp-content/uploads/2016/11/AMDs-ROCm-Software-Helps-Accelerate-HPC-and-Deep-Learning-by-Moor-Insights-and-Strategy.pdf},
    note = {(Accessed: 14 August 2020)}
}

@misc{dhariwal2020jukebox,
    title={Jukebox: A Generative Model for Music},
    author={Prafulla Dhariwal and Heewoo Jun and Christine Payne and Jong Wook Kim and Alec Radford and Ilya Sutskever},
    year={2020},
    eprint={2005.00341},
    archivePrefix={arXiv},
    primaryClass={eess.AS}
}

@article{clblast,
  author    = {Cedric Nugteren},
  title     = {CLBlast: {A} Tuned OpenCL {BLAS} Library},
  journal   = {CoRR},
  volume    = {abs/1705.05249},
  year      = {2017},
  url       = {http://arxiv.org/abs/1705.05249},
  archivePrefix = {arXiv},
  eprint    = {1705.05249},
  timestamp = {Mon, 13 Aug 2018 16:48:32 +0200},
}

@misc{clblas,
    author = {clMathLibraries},
    year = {2020},
    title = {clBLAS},
    url = {https://github.com/clMathLibraries/clBLAS},
    note = {Online; Accessed 2020-07-26},

}

@misc{gpuopen,
    author={GPUOpen Libraries \& SDKs},
    year={2020},
    title={GPUOpen Libraries \& SDKs},
    url = {https://github.com/GPUOpen-LibrariesAndSDKs},
    note = {Online; Accessed 2020-07-26}
}